@inproceedings{Abrahamsson2001,
	Author = {Pekka Abrahamsson},
	Title = {Commitment Development in Software Process Improvement: Critical Misconceptions},
	Booktitle = {ICSE '01: Proceedings of the 23rd International Conference on Software Engineering},
	Pages = {71-80},
	Address = {Toronto, ON, Canada},
	Year = {2001}}

@article{Alavi2001,
  Author = {Maryam Alavi and Dorothy E. Leidner},
  Title = {Knowledge Management and Knowledge Management Systems - Conceptual Foundations and Research Issues},
  Journal = {MIS Quarterly},
  Volume = {25},
  Number = {1},
	Pages = {107-136},
  Year = {2001}}

@book{Allen1977,
  Author = {Thomas J. Allen},
  Title = {Managing the Flow of Technology},
  Year = {1977},
  Publisher = {MIT Press}}

@inproceedings{Aranda2009,
	Author = {Jorge Aranda and Gina Venolia},
	Title = {The Secret Life of Bugs: Going Past the Errors and Omissions in Software Repositories},
	Booktitle = {ICSE '09: Proceedings of the 31st International Conference on Software Engineering},
	Address = {Vancouver, BC, Canada},
	Year = {2009}}

@book{Aranda2008,
  Author = {Jorge Aranda},
  Title = {Three Paradigms in the Study of Communication and Coordination in Software Development Teams},
  Publisher = {Depth paper},
  Year = {2008}}

@inproceedings{Aranda2008b,
  Author = {Jorge Aranda and Steve M. Easterbrook and Gregory V. Wilson},
  Title = {Observations on Conway's Law in Scientific Computing},
  Booktitle = {STC 2008: 2nd Socio-Technical Conference Workshop},
  Address = {Leipzig, Germany},
  Year = {2008}}

@inproceedings{Aranda2007,
  Author = {Jorge Aranda and Steve M. Easterbrook and Gregory V. Wilson},
  Title = {Requirements in the wild: How small companies do it},
  Booktitle = {RE '07: Proceedings of the 15th IEEE International Requirements Engineering Conference},
  Address = {Delhi, India},
  Pages = {39-48},
  Year = {2007}}

@inproceedings{Aranda2007b,
  Author = {Jorge Aranda and Ramzan Khuwaja and Steve M. Easterbrook},
  Title = {Discovering the Shared Understanding Dynamics of Large Software Teams},
  Booktitle = {CASCON 2007},
  Address = {Toronto, Canada},
  Year = {2007}}

@inproceedings{Aranda2006,
  Author = {Jorge Aranda and Steve M. Easterbrook},
  Title = {Distributed Cognition in Software Engineering Research: Can it be made to work?},
  Booktitle = {First workshop on Supporting the Social Side of Large Scale Software Development (SSSLSSD)},
  Address = {Banff, Alberta, Canda},
  Year = {2006}}

@article{Arisholm2007,
  Author = {Erik Arisholm and Hans Gallis and Tore Dyb\aa and Dag I. K. Sj{\o}berg},
  Title = {Evaluating Pair Programming with Respect to System Complexity and Programmer Expertise},
  Journal = {IEEE Transactions on Software Engineering},
  Volume = {33},
  Number = {2},
  Year = {2007}}

@book{Baetjer1997,
  Author =  {Howard Baetjer},
  Title = {Software as Capital: An Economic Perspective on Software Engineering},
  Year = {1997},
  Publisher = {Wiley--IEEE Computer Society Press}}

@article{Beal2003,
  Title = {Cohesion and Performance in Groups: A Meta-Analytic Clarification of Construct Relations},
  Author = {Daniel J. Beal and Robin R. Cohen and Michael J. Burke and Christy L. McLendon},
  Journal = {Journal of Applied Psychology},
  Year = {2003},
  Volume = {88},
  Number = {6},
  Pages = {989-1004}}

@book{Beck2005,
  Author = {Kent Beck},
  Title = {Extreme Programming Explained: Embrace Change; 2nd Edition},
  Year = {2005},
  Publisher = {Addison-Wesley Professional}}

@book{Beck2001,
  Author = {Kent Beck and Mike Beedle and Arie van Bennekum and Alistair Cockburn and Ward Cunningham and Martin Fowler and James Greening and Jim Highsmith and Andrew Hunt and Ron Jeffries and Jon Kern and Brian Marick and Robert C. Martin and Steve Mellor and Ken Schwaber and Jeff Sutherland and Dave Thomas},
  Title = {Manifesto for Agile Software Development},
  Year = {2001},
  Publisher = {URL: http://agilemanifesto.org/}}

@book{Beck1999,
  Author = {Kent Beck},
  Title = {Extreme Programming Explained: Embrace Change},
  Year = {1999},
  Publisher = {Addison-Wesley Professional}}

@inproceedings{Begel2008,
  Author = {Andrew Begel and Beth Simon},
  Title = {Novice Software Developers, All Over Again},
  Booktitle = {ICER 2008: Proceedings of the Fourth International Computing Education Research Workshop},
  Address = {Sydney, Australia},
  Year = {2008}}

@inproceedings{Begel2010,
  Author = {Andrew Begel and Yit Phang Khoo and Thomas Zimmerman},
  Title = {Codebook: Discovering and Exploiting Relationships in Software Repositories},
  Booktitle = {ICSE'10: Proceedings of the 2010 International Conference on Software Engineering},
  Address = {Cape Town, South Africa},
  Year = {2010}}

@inproceedings{Bellotti1996,
  Author = {Victoria Bellotti and Sara Bly},
  Title = {Walking Away from the Desktop Computer: Distributed Collaboration and Mobility in a Product Design Team},
  Booktitle = {Proceedings of the ACM Computer Supported Cooperative Work Conference (CSCW'1996)},
  Year = {1996}}

@inproceedings{Bird2009,
  Author = {Christian Bird and Nachiappan Nagappan},
  Title = {Does Distributed Development Affect Software Quality? An Empirical Case Study of Windows Vista},
  Booktitle = {ICSE'09: Proceedings of the 2009 International Conference on Software Engineering},
  Address = {Vancouver, Canada},
  Year = {2009}}
  
@book{Blau1971,
  Author = {Peter M. Blau and Richard A. Schoenherr},
  Title = {The Structure of Organizations},
  Year = {1971},
  Publisher = {Basic Books}}

@book{Boehm1981,
  Author = {Barry W. Boehm},
  Title = {Software Engineering Economics},
  Year = {1981},
  Publisher = {Prentice Hall}}

@article{Boehm1988,
  title={Understanding and Controlling Software Costs},
  author={Barry W. Boehm and Philip N. Papaccio},
  journal={IEEE Transactions on Software Engineering},
  year={1988},
  volume={14},
  number={10}}

@article{Breiger1986,
  Title = {Cumulated Social Roles: The Duality of Persons and their Algebras},
  Author = {Ronald L. Breiger and Philippa E. Pattison},
  Journal = {Social Networks},
  Year = {1986},
  Volume = {8},
  Pages = {215-256}}

@book{Brooks1975,
	Author = {Frederick P. Brooks},
	Title = {The Mythical Man-Month},
	Year = {1975},
	Publisher = {Addison-Wesley}}

@inproceedings{Brooks1986,
  Author = {Frederick P. Brooks},
  Title = {No Silver Bullet - Essence and Accident in Software Engineering},
  Booktitle = {Proceedings of the IFIP Tenth World Computing Conference},
  Pages = {1069-1076},
  Year = {1986}}

@inproceedings{Bryant2000,
  Author = {Anthony Bryant},
  Title = {It's Engineering Jim... but not as we know it: Software Engineering --- solution to the software crisis, or part of the problem?},
  Booktitle = {ICSE '00: Proceedings of the 22nd International Conference on Software Engineering},
  Pages = {78-87},
  Address = {Limerick, Ireland},
  Year = {2000}}

@article{Caplow1957,
  Author = {Theodore Caplow},
  Title = {Organizational Size},
  Journal = {Administrative Science Quarterly},
  Volume = {1},
  Number = {4},
  Pages = {484-505},
  Year = {1957}}

@inproceedings{Carver2007,
	Author = {J. Carver and R. Kendall and S. Squires and D. Post},
	Title = {Software Development Environments for Scientific and Engineering Software: A Series of Case Studies},
	Booktitle = {ICSE '07: Proceedings of the 29th International Conference on Software Engineering},
	Pages = {550-559},
	Address = {Minneapolis, MN, USA},
	Year = {2007}}

@inproceedings{Cataldo2006,
  Author = {Marcelo Cataldo and Patrick A. Wagstrom and James D. Herbsleb and Kathleen M. Carley},
  Title = {Identification of Coordination Requirements: Implications for the Design of Collaboration and Awareness Tools},
  Booktitle = {CSCW '06: Proceedings of the 2006 20th anniversary conference on Computer Supported Cooperative Work},
  Pages = {353-362},
  Address = {Banff, Alberta, Canada},
  Year = {2006}}

@article{Cataldo2009,
  Author = {Marcelo Cataldo and Audris Mockus and Jeffrey A. roberts and James D. Herbsleb},
  Title = {Software Dependencies, Work Dependencies, and Their Impact on Failures},
  Journal = {IEEE Transactions on Software Engineering},
  Volume = {35},
  Number = {6},
  Year = {2009}}
  
@inproceedings{Cherubini2007,
  Author = {Mauro Cherubini and Gina Venolia and Rob deLine and Andrew J. Ko},
  Title = {Let's Go to the Whiteboard: How and Why Software Developers Use Drawings},
  Booktitle = {SIGCHI Conference on Human Factors in Computing Systems (CHI2007)},
  Address = {San Jose, CA, USA},
  Year = {2007}}

@inproceedings{Chong2007,
  Author = {Jan Chong and Tom Hurlbutt},
  Title = {The Social Dynamics of Pair Programming},
  Booktitle = {ICSE'07: Proceedings of the 29th International Conference on Software Engineering},
  Address = {Minneapolis, MN, USA},
  Year = {2007}}

@inproceedings{Chong2006,
  Author = {Jan Chong and Rosanne Siino},
  Title = {Interruptions on Software Teams: A Comparison of Paired and Solo Programmers},
  Booktitle = {Proceedings of the ACM 2006 Conference on Computer Supported Cooperative Work (CSCW'06)},
  Address = {Banff, AB, Canada},
  Year = {2006}}

@book{Cockburn2001,
  Author = {Alistair Cockburn},
  Title = {Agile Software Development},
  Year = {2001},
  Publisher = {Addison-Wesley Professional}}

@incollection{Cody1985,
  Author = {Michael J. Cody and Margaret L. McLaughlin},
  Title = {The Situation as a Construct in Interpersonal Communication Research},
  Booktitle = {Handbook of Interpersonal Communication},
  Editor = {Mark L. Knapp and Gerald R. Miller},
  Publisher = {Sage},
  Pages = {263-312},
  Year = {1985}}

@book{Cohen2006,
  Author = {Jason Cohen},
  Title = {Best Kept Secrets of Peer Code Review},
  Year = {2006},
  Publisher = {Smart Bear Software}}

@article{Conway1968,
	Author = {Melvin E. Conway},
	Title = {How Do Committees Invent?},
	Journal = {Datamation},
	Volume = {14},
	Number = {4},
	Pages = {28-31},
	Year = {1968}}

@book{Csikszentmihalyi1990,
  Author = {Mihaly Csikszentmihalyi},
  Title = {Flow: The Psychology of Optimal Experience},
  Year = {1990},
  Publisher = {Harpercollins}}

@article{Curtis1988,
  Author = {Bill Curtis and Herb Krasner and Neil Iscoe},
  Title = {A Field Study of the Software Design Process for Large Systems},
  Journal = {Communications of the ACM},
  Volume = {31},
  Number = {11},
  Pages = {1268-1287},
  Year = {1988}}

@article{Daft1986,
  Author = {Richard L. Daft and Robert H. Lengel},
  Title = {Organizational Information Requirements, Media Richness and Structural Design},
  Journal = {Management Science},
  Volume = {32},
  Number = {5},
	Pages = {554-571},
  Year = {1986}}
  
@article{Damian2008,
  title={On the Need for Mixed Media in Distributed Requirements Negotiations},
  author={Daniela Damian and Filippo Lanubile and Teresa Mallardo},
  journal={IEEE Transactions on Software Engineering},
  year={2008},
  volume={34},
  number={1},
  pages={116-132},
  doi={10.1109/TSE.2007.70758},
  ISSN={0098-5589}}

@inproceedings{Damian2007,
	Author = {Daniela Damian and Luis Izquierdo and Janice Singer and Irwin Kwan},
	Title = {Awareness in the Wild: Why Communication Breakdowns Occur},
	Booktitle = {ICGSE '07: Proceedings of the 2nd International Conference on Global Software Engineering},
	Pages = {81--90},
	Address = {Munich, Germany},
	Year = {2007}}

@article{Damian2006,
  Title = {An Empirical Study of the Complex Relationships between Requirements Engineering Processes and Other Processes that Lead to Payoffs in Productivity, Quality, and Risk Management},
  Author = {Daniela Damian and James Chisan},
  Journal = {IEEE Transactions on Software Engineering},
  Year = {2006},
  Volume = {32},
  Number = {7},
  Pages = {433-453}}

@inproceedings{DeLine2010,
  Author = {Robert DeLine and Kael Rowan},
  Title = {Code Canvas: Zooming towards Better Development Environments},
  Booktitle = {ICSE NIER'10: Proceedings of the 2008 International Conference on Software Engineering (New Ideas and Emerging Results)},
  Address = {Cape Town, South Africa},
  Year = {2010}}

@book{Deming1986,
  Author = {W. Edward Deming},
  Title = {Out of the Crisis},
  Year = {1986},
  Publisher = {MIT Press}}

@book{DeMarco1986,
  Author = {Tom DeMarco},
  Title = {Controlling Software Projects: Management, Measurement, and Estimates},
  Year = {1986},
  Publisher = {Prentice Hall}}

@book{DeMarco1987,
  Author = {Tom DeMarco and Timothy Lister},
  Title = {Peopleware: Productive Projects and Teams},
  Year = {1987},
  Publisher = {Dorset House Publishing Company}}

@article{DeMarco2009,
  Author = {Tom DeMarco},
  Title = {Software Engineering: An idea whose time has come and gone?},
  Journal = {IEEE Software},
  Volume = {26},
  Number = {4},
  Year = {2009}}

@inproceedings{deSouza2003,
  Author = {Cleidson R. B. de Souza and David Redmiles and Gloria Mark and John Penix and Maarten Sierhuis},
  Title = {Management of interdependencies in Collaborative Software Development},
  Booktitle = {ISESE'03: Proceedings of the 2003 International Symposium on Empirical Software Engineering},
  Year = {2003}}

@inproceedings{deSouza2008,
  Author = {Cleidson R. B. de Souza and David Redmiles},
  Title = {An Empirical Study of Software Developers' Management of Dependencies and Changes},
  Booktitle = {ICSE'08: Proceedings of the 2008 International Conference on Software Engineering},
  Address = {Leipzig, Germany},
  Year = {2008}}

@book{Donaldson2001,
  Author = {Lex Donaldson},
  Title = {The Contingency Theory of Organizations},
  Year = {2001},
  Publisher = {Sage}}

@book{Dunbar1996,
  Author = {Robin Dunbar},
  Title = {Grooming, Gossip, and the Evolution of Language},
  Year = {1996},
  Publisher = {Harvard University Press}}

@book{Durkheim1933,
  Author = {Emile Durkheim},
  Title = {The Division of Labor in Society},
  Year = {1933},
  Publisher = {Free Press}}

@article{Dyba2005,
  Title = {An Empirical Investigation of the Key Factors for Success in Software Process Improvement},
  Author = {Tore Dyb\aa},
  Journal = {IEEE Transactions on Software Engineering},
  Year = {2005},
  Volume = {31},
  Number = {5},
  Pages = {410-424}}

@article{Easterbrook2009,
  Title = {Engineering the Software for Understanding Climate Change},
  Author = {Steve M. Easterbrook and Timothy C. Johns},
  Journal = {IEEE Computing in Science and Engineering},
  Year = {2009},
  Volume = {11},
  Number = {6},
  Pages = {65-74}}

@incollection{Easterbrook2007,
  Title = {Selecting Empirical Methods for Software Engineering Research},
  Author = {Steve M. Easterbrook and Janice Singer and Margaret-Anne Storey and Daniela Damian},
  Booktitle = {Guide to Advanced Empirical Software Engineering},
  Editor = {Forrest Shull and Janice Singer},
  Publisher = {Springer},
  Year = {2007}}

@inproceedings{Easterbrook2005,
  Author = {Steve Easterbrook and Eric Yu and Jorge Aranda and Yuntian Fan and Jennifer Horkoff and Marcel Leica and Rifat Abdul Qadir},
  Title = {Do Viewpoints Lead to Better Conceptual Models? An Exploratory Case Study},
  Booktitle = {RE '05: Proceedings of the 13th IEEE International Requirements Engineering Conference},
  Address = {Paris, France},
  Year = {2005}}

@book{Easterbrook1994,
  Author = {Steve M. Easterbrook},
  Title = {Shared Understanding, Co-ordination Breakdowns, and Conflict in the Software Design Process},
  Publisher = {Unpublished manuscript},
  Year = {1994}}
  
@article{Fagan1986,
	Author = {Michael E. Fagan},
	Title = {Advances in Software Inspections},
	Journal = {IEEE Transactions on Software Engineering},
	Volume = {12},
	Number = {7},
	Pages = {744-751},
	Year = {1986}}

@article{Festinger1950,
  Title = {Informal Social Communication},
  Author = {Leon Festinger},
  Journal = {Psychological Review},
  Year = {1950},
  Volume = {57},
  Number = {5},
  Pages = {271-282}}

@article{Fitzgerald1998,
  Title = {An Empirical Investigation into the Adoption of System Development Methodologies},
  Author = {Brian Fitzgerald},
  Journal = {Information and Management},
  Year = {1998},
  Volume = {34},
  Pages = {317-328}}

@article{Frost2007,
  Author = {Randall Frost},
  Title = {Jazz and the Eclipse Way of Collaboration},
  Journal = {IEEE Software},
  Volume = {24},
  Number = {6},
  Year = {2007}}

@article{Galbraith1974,
  Author = {Jay R. Galbraith},
  Title = {Organization Design: an Information Processing View},
  Journal = {Interfaces},
  Volume = {4},
  Number = {3},
  Pages = {28-36},
  Year = {1974}}

@book{Ghezzi2003,
  Author = {Carlo Ghezzi and Mehdi Jazayeri and Dino Mandrioli},
  Title = {Fundamentals of Software Engineering},
  Year = {2003},
  Edition = {2nd},
  Publisher = {Prentice Hall}}
  
@article{Granovetter1985,
	Author = {Mark Granovetter},
	Title = {Economic Action and Social Structure: The Problem of Embeddedness},
	Journal = {American Journal of Sociology},
	Volume = {91},
	Number = {3},
	Pages = {481-510},
	Year = {1985}}

@article{Halverson2002,
  Author = {Christine A. Halverson},
  Title = {Activity Theory and Distributed Cognition: Or What Does CSCW Need to DO with Theories?},
  Journal = {Computer Supported Cooperative Work},
  Volume = {11},
  Number = {1-2},
  Pages = {243-267},
  Year = {2002}}

@book{Hannan1989,
  Author = {Michael T. Hannan and John Freeman},
  Title = {Organizational Ecology},
  Year = {1989},
  Publisher = {Harvard}}

@article{Hannay2007,
	Author = {Jo E. Hannay and Dag I. K. Sj{\o}berg and Tore Dyb\aa},
	Title = {A Systematic Review of Theory Use in Software Engineering Experiments},
	Journal = {IEEE Transactions on Software Engineering},
	Volume = {33},
	Number = {2},
	Pages = {87-107},
	Year = {2007}}

@article{Hannay2008,
	Author = {Jo E. Hannay and Magne J{\o}rgensen},
	Title = {The Role of Deliberate Artificial Design Elements in Software Engineering Experiments},
	Journal = {IEEE Transactions on Software Engineering},
	Volume = {34},
	Number = {2},
	Pages = {242-259},
	Year = {2008}}

@article{Harter2000,
  Author = {Donald E. Harter and Mayuram S. Krishnan and Sandra A. Slaughter},
  Title = {Effects of Process Maturity on Quality, Cycle Time, and Effort in Software Product Development},
  Journal = {Management Science},
  Volume = {46},
  Number = {4},
	Pages = {451-466},
  Year = {2000}}

@article{Haveman1993,
	Author = {Heather A. Haveman},
	Title = {Organizational Size and Change: Diversification in the Savings and Loan Industry after Deregulation},
	Journal = {Administrative Science Quarterly},
	Volume = {38},
	Pages = {20-50},
	Year = {1993}}

@book{Heidegger1927,
  Author = {Martin Heidegger},
  Title = {Being and Time},
  Year = {1927},
  Publisher = {Macquarrie and Robinson}}

@inproceedings{Herbsleb1999,
	Author = {James D. Herbsleb and Rebecca E. Grinter},
	Title = {Splitting the Organization and Integrating the Code: Conway's Law Revisited},
	Booktitle = {ICSE '99: Proceedings of the 21st International Conference on Software Engineering},
	Pages = {85--95},
	Address = {Los Angeles, CA, USA},
	Year = {1999}}

@inproceedings{Herbsleb2003,
	Author = {James D. Herbsleb and Audris Mockus},
	Title = {Formulation and Preliminary Test of an Empirical Theory of Coordination in Software Engineering},
	Booktitle = {ESEC/FSE'03: Proceedings of the European Software Engineering Conference / ACM SIGSOFT Symposium on the Foundations of Software Engineering},
	Pages = {138-147},
	Address = {Helsinki, Finland},
	Year = {2003}}

@article{Hollingshead1998,
  Title = {Communication, Learning, and Retrieval in Transactive Memory Systems},
  Author = {Andrea B. Hollingshead},
  Journal = {Journal of Experimental Social Psychology},
  Year = {1998},
  Volume = {34},
  Pages = {423-442}}

@article{Hollingshead2000,
  Title = {Perceptions of Expertise and Transactive Memory in Work Relationships},
  Author = {Andrea B. Hollingshead},
  Journal = {Group Processes and Intergroup Relations},
  Year = {2000},
  Volume = {3},
  Number = {3},
  Pages = {257-267}}

@book{Homans1950,
  Author = {George C. Homans},
  Title = {The Human Group},
  Year = {1950},
  Publisher = {Transaction Publishers}}
  
@book{Humphrey1989,
  Author = {Watts S. Humphrey},
  Title = {Managing the Software Process},
  Year = {1989},
  Publisher = {Addison-Wesley}}

@book{Hutchins1995,
	Author = {Edwin Hutchins},
	Title = {Cognition in the Wild},
	Year = {1995},
	Publisher = {MIT Press}}

@book{Jacobson2009,
  Author = {Ivar Jacobson and Betrand Meyer and Richard Soley},
  Title = {Software Engineering Method and Theory; Call to Action},
  Year = {2009},
  Publisher = {URL: http://www.semat.org/bin/view}}

@article{Johnson1998,
  Author = {Philip M. Johnson and Danu Tjahjono},
  Title = {Does Every Inspection Really Need a Meeting?},
  Journal = {Empirical Software Engineering},
  Volume = {3},
  Number = {1},
  Pages = {9-35},
  Year = {1998}}

@article{Jones1996,
  title={Patterns of Software Systems Failure and Success},
  author={Capers Jones},
  publisher={International Thompson Computer Press},
  year={1996}}

@inproceedings{Jorgensen2004,
  Author = {Magne J{\o}rgensen and Dag Sj{\o}berg},
  Title = {Generalization and Theory-Building in Software Engineering Research},
  Booktitle = {Proceedings of the Workshop on Empirical Assessment in Software Engineering (EASE'04), at ICSE'04},
  Pages = {29-36},
  Year = {2004}}
	
@article{Kaindl2002,
  Author = {Hermann Kaindl and Sjaak Brinkkemper and Janis A. Bubenko Jr and Barbara Farbey and Sol J. Greenspan and Constance L. Heitmeyer and Julio Cesar Sampaio do Prado Leite and Nancy R. Mead and John Mylopoulos and Jawed Siddiqi},
  Title = {Requirements Engineering and Technology Transfer: Obstacles, Incentives and Improvement Agenda},
  Journal = {Requirements Engineering},
  Volume = {7},
  Number = {3},
  Pages = {113-123},
  Year = {2002}}

@article{Kensing1998,
  Author = {Finn Kensing and Jeanette Blomberg},
  Title = {Participatory Design: Issues and Concerns},
  Journal = {Computer Supported Cooperative Work},
  Volume = {7},
  Pages = {167-185},
  Year = {1998}}

@inproceedings{Kersten2005,
	Author = {Mik Kersten and Gail C. Murphy},
	Title = {Mylar: a degree-of-interest model for IDEs},
	Booktitle = {AOSD '05: Proceedings of the 4th international conference on Aspect-oriented software development},
	Year = {2005}}

@article{Kimberly1976,
  Author = {John R. Kimberly},
  Title = {Organizational Size and the Structuralist Perspective: A Review, Critique, and Proposal},
  Journal = {Administrative Science Quarterly},
  Volume = {21},
  Number = {4},
  Pages = {571-597},
  Year = {1976}}

@inproceedings{Kitchenham2004,
	Author = {Barbara A. Kitchenham and Tore Dyba and Magne Jorgensen},
	Title = {Evidence-based Software Engineering},
	Booktitle = {ICSE '04: Proceedings of the 26th International Conference on Software Engineering},
	Year = {2004}}

@inproceedings{Ko2007,
  Author = {Andrew J. Ko and Robert DeLine and Gina Venolia},
  Title = {Information Needs in Collocated Software Development Teams},
  Booktitle = {ICSE '07: Proceedings of the 29th International Conference on Software Engineering},
  Pages = {344-353},
  Address = {Minneapolis, MN, USA},
  Year = {2007}}

@article{Kraut1995,
  Author = {Robert E. Kraut and Lynn A. Streeter},
  Title = {Coordination in Software Development},
  Journal = {Communications of the ACM},
  Volume = {38},
  Number = {3},
  Pages = {69-81},
  Year = {1995}}

@article{Kruchten1995,
  Author = {Phillip Kruchten},
  Title = {Architectural Blueprints---The ``4+1'' View Model of Software Architecture},
  Journal = {IEEE Software},
  Volume = {12},
  Number = {6},
  Year = {1995}}

@book{Kruchten2003,
  Author = {Phillip Kruchten},
  Title = {The Rational Unified Process: An Introduction},
  Publisher = {Addison-Wesley},
  Edition = {3rd},
  Year = {2003}}

@book{Kuhn1962,
  Author = {Thomas S. Kuhn},
  Title = {The Structure of Scientific Revolutions},
  Publisher = {University of Chicago Press},
  Year = {1962}}

@inproceedings{Kwan2009,
	Author = {Irwin Kwan and Adrian Schr\"{o}ter and Daniela Damian},
	Title = {A Weighted Congruence Measure},
	Booktitle = {Workshop on Socio-Technical Congruence},
	Year = {2009}}
	
@article{Lethbridge2003,
  Author = {Timothy C. Lethbridge and Janice Singer and Andrew Forward},
  Title = {How Software Engineers Use Documentation: The State of the Practice},
  Journal = {IEEE Software},
  Volume = {20},
  Number = {6},
  Pages = {35-39},
  Year = {2003}}

@article{Levesque2001,
	Author = {L. L. Levesque and J. M. Wilson and D.R. Wholey},
	Title = {Cognitive divergence and shared mental models in software development project teams},
	Journal = {Journal of Organizational Behavior},
	Volume = {22},
	Number = {2},
	Pages = {135-144},
	Year = {2001}}

@book{Littlejohn2002,
  Author = {Stephen W. Littlejohn and Karen A. Foss},
  Title = {Theories of Human Communication},
  Year = {2002},
  Publisher = {Nelson Education Ltd.}}

@article{Lopes1992,
	Author = {Paul D. Lopes},
	Title = {Innovation and Diversity in the Popular Music Industry, 1969 to 1990},
	Journal = {American Sociological Review},
	Volume = {57},
	Number = {1},
	Pages = {56-71},
	Year = {1992}}

@article{Lumsden2007,
  Author = {Larry Lumsden and Wolfgang Strigel},
  Title = {Point/Counterpoint: Business Goals Count, Not Organizational Size vs. In Software Processes, Organization Size Matters},
  Journal = {IEEE Software},
  Volume = {24},
  Number = {1},
  Pages = {54-57},
  Year = {2007}}

@inproceedings{Lung2008,
	Author = {Jonathan Lung and Jorge Aranda and Steve M. Easterbrook and Gregory V. Wilson},
	Title = {On the Difficulty of Replicating Human Subjects Studies in Software Engineering},
	Booktitle = {ICSE '08: Proceedings of the 30th International Conference on Software Engineering},
	Address = {Leipzig, Germany},
	Year = {2008}}

@article{Malone1994,
  Author = {Thomas W. Malone and Kevin Crowston},
  Title = {The Interdisciplinary Study of Coordination},
  Journal = {ACM Computing Surveys},
  Volume = {26},
  Number = {1},
  Pages = {87-119},
  Year = {1994}}

@book{March1958,
  Author = {James G. March and Herbert A. Simon},
  Title = {Organizations},
  Publisher = {Wiley},
  Year = {1958}}
  
@inproceedings{Martin2007,
  Author = {David Martin and John Rooksby and Mark Rouncefield and Ian Sommerville},
  Title = {`Good' Organisational Reasons for `Bad' Software Testing: An Ethnographic Study of Testing in a Small Software Company},
  Booktitle = {ICSE'07: Proceedings of the 29th International Conference on Software Engineering},
  Address = {Minneapolis, MN, USA},
  Year = {2007}}

@article{Mathieu2000,
  Title = {The Influence of Shared Mental Models on Team Process and Performance},
  Author = {John E. Mathieu and Tonia S. Heffner and Gerald F. Goodwin and Eduardo Salas and Janis A. Cannon-Bowers},
  Journal = {Journal of Applied Psychology},
  Year = {2000},
  Volume = {85},
  Number = {2},
  Pages = {273-283}}

@article{McPherson2001,
  Author = {Miller McPherson and Lynn Smith-Lovin and James M. Cook},
  Title = {Birds of a Feather: Homophily in Social Networks},
  Journal = {Annual Review of Sociology},
  Volume = {27},
  Pages = {415-444},
  Year = {2001}}

@inproceedings{Moe2009,
	Author = {Nils Brede Moe and Torgeir Dings{\o}yr and Emil A. R{\o}yrvik},
	Title = {Putting Agile Teamwork to the Test -- A Preliminary Instrument for Empirically Assessing and Improving Agile Software Development},
	Booktitle = {XP2009},
	Year = {2009}}

@inproceedings{Nagappan2008,
  Author = {Nachiappan Nagappan and Brendan Murphy and Victor R. Basili},
  Title = {The Influence of Organizational Structure on Software Quality: An Empirical Case Study},
  Booktitle = {ICSE '08: Proceedings of the 30th International Conference on Software Engineering},
  Pages = {521-530},
  Address = {Leipzig, Germany},
  Year = {2008}}

@article{Nardi2002,
  Author = {Bonnie Nardi},
  Title = {Coda and Response to Christine Halverson},
  Journal = {Computer Supported Cooperative Work},
  Volume = {11},
  Number = {1-2},
  Pages = {269-275},
  Year = {2002}}

@book{Naur1969,
  Author = {Peter Naur and Brian Randell},
  Title = {Software Engineering: Report of a conference sponsored by the NATO Science Committee, Garmisch, Germany, 7-11 Oct. 1968},
  Year = {1969},
  Publisher = {Scientific Affairs Division, NATO}}

@article{Neumann1995,
  title={Computer Related Risks},
  author={Peter Neumann},
  publisher={Addison-Wesley},
  year={1995}}
  
@inproceedings{Nuseibeh2000,
  Author = {Bashar Nuseibeh and Steve Easterbrook},
  Title = {Requirements Engineering: A Roadmap},
	Booktitle = {ICSE '00: Proceedings of the 22nd International Conference on Software Engineering},
	Year = {2000}}

@article{Olson2000,
  Author = {Gary M. Olson and Judity S. Olson},
  Title = {Distance Matters},
  Journal = {Human-Computer Interaction},
  Volume = {15},
  Number = {2},
  Pages = {139-178},
  Year = {2000}}
  
@inproceedings{Osterweil1987,
  Author = {Leon Osterweil},
  Title = {Software processes are software too},
	Booktitle = {ICSE '87: Proceedings of the 9th International Conference on Software Engineering},
	Year = {1987}}
  
@article{Parnas1972,
	Author = {David L. Parnas},
	Title = {On the Criteria to Be Used in Decomposing Systems into Modules},
	Journal = {Communications of the ACM},
	Volume = {15},
	Number = {12},
	Pages = {1053-1058},
	Year = {1972}}

@article{Perry1994,
  Author = {Dewayne E. Perry and Nancy Staudenmayer and Lawrence G. Votta},
  Title = {People, Organizations, and Process Improvement},
  Journal = {IEEE Software},
  Volume = {11},
  Number = {4},
  Year = {1994}}

@book{Pfleeger2001,
  Author = {Shari Lawrence Pfleeger},
  Title = {Software Engineering: Theory and Practice},
  Year = {2001},
  Edition = {2nd},
  Publisher = {Prentice Hall}}
 
@mastersthesis{Pipitone2010,
  Author = {Jon Pipitone},
  Title = {Software Quality in Climate Modelling},
  Year = {2010},
  School = {University of Toronto}}

@article{Porter1997,
  Author = {Adam Porter and Lawrence Votta},
  Title = {What Makes Inspections Work?},
  Journal = {IEEE Software},
  Volume = {14},
  Number = {6},
  Year = {1997}}

@book{Pressman2004,
  Author = {Roger Pressman},
  Title = {Software Engineering: A Practitioner's Approach},
  Year = {2004},
  Publisher = {McGraw-Hill}}

@incollection{Reddy1993,
  Author = {Michael J. Reddy},
  Title = {The conduit metaphor: A case of frame conflict in our language about language},
  Booktitle = {Metaphor and Thought},
  Editor = {Andrew Ortony},
  Edition = {2nd},
  Publisher = {Cambridge University Press},
  Chapter = {10},
  Pages = {164-201},
  Year = {1993}}

@inproceedings{Robinson2005,
	Author = {Hugh Robinson and Helen Sharp},
	Title = {Organisational culture and XP: three case studies},
	Booktitle = {Proceedings of the Agile Development Conference (ADC'05)},
	Year = {2005}}

@book{Rogers1992,
  Author = {Yvonne Rogers and Andrew Rutherford and Peter A. Bibby},
  Title = {Models in the Mind: Theory, Perspective, and Application},
  Publisher = {Academic Press},
  Year = {1992}}

@inproceedings{Sarma2009,
	Author = {Anita Sarma and Larry Maccherone and Patrick Wagstrom and Jim Herbsleb},
	Title = {Tesseract: Interactive Visual Exploration of Socio-Technical Relationships in Software Development},
	Booktitle = {ICSE '09: Proceedings of the 31st International Conference on Software Engineering},
	Address = {Vancouver, BC, Canada},
	Year = {2009}}

@article{Scaife1996,
	Author = {Mike Scaife and Yvonne Rogers},
	Title = {External cognition: how do graphical representations work?},
	Journal = {International Journal of Human-Computer Studies},
	Volume = {45},
	Pages = {185-213},
	Year = {1996}}

@book{Schon1984,
	Author = {Donald Sch\"{o}n},
	Title = {The Reflective Practitioner: How Professionals Think in Action},
	Year = {1984},
	Publisher = {Basic Books}}

@book{Schwaber2001,
	Author = {Ken Schwaber and Mike Beedle},
	Title = {Agile Software Development with SCRUM},
	Year = {2001},
	Publisher = {Prentice Hall}}

@book{Scott2007,
	Author = {Richard Scott and Gerald F. Davis},
	Title = {Organizations and Organizing: Rational, Natural, and Open System Perspectives},
	Year = {2007},
	Publisher = {Prentice Hall}}

@article{Segal2005,
	Author = {Judith Segal},
	Title = {When Software Engineers Met Research Scientists: A Case Study},
	Journal = {Empirical Software Engineering},
	Volume = {10},
	Number = {4},
	Pages = {517-536},
	Year = {2005}}

@article{Shannon1948,
  Author = {Claude E. Shannon},
  Title = {A Mathematical Theory of Communication},
  Journal = {The Bell System Technical Journal},
  Volume = {27},
  Pages = {379-423, 623-656},
  Year = {1948}}

@article{Sharp2004,
  Author = {Helen Sharp and Hugh Robinson},
  Title = {An Ethnographic Study of XP Practice},
  Journal = {Empirical Software Engineering},
  Volume = {9},
  Number = {4},
  Pages = {353-375},
  Year = {2004}}

@inproceedings{Shull2002,
	Author = {Forrest Shull and Vic Basili and Barry Boehm and A. Winsor Brown and Patricia Costa and Mikael Lindvall and Dan Port and Ioana Rus and Roseanne Tesoriero and Marvin Zelkowitz},
	Title = {What We Have Learned About Fighting Defects},
	Booktitle = {Software Metrics},
	Pages = {249-258},
	Year = {2002}}
	
@inproceedings{Sim1998,
	Author = {Susan E. Sim and Richard C. Holt},
	Title = {The Ramp-Up Problem in Software Projects: A Case Study of How Software Immigrants Naturalize},
	Booktitle = {ICSE '98: Proceedings of the 20th International Conference on Software Engineering},
	Address = {Kyoto, Japan},
	Year = {1998}}

@incollection{Stinchcombe1965,
  Title = {Social Structure and Organizations},
  Author = {Arthur L. Stinchcombe},
  Booktitle = {Handbook of Organizations},
  Editor = {James G. March},
  Publisher = {Rand McNally},
  Year = {1965},
  Pages = {142-193}}

@book{Suchman1987,
	Author = {Lucy Suchman},
	Title = {Plans and Situated Actions: The problem of human-machine communication},
	Year = {1987},
	Publisher = {Cambridge}}

@article{Talacchi1960,
  Author = {Sergio Talacchi},
  Title = {Organization Size, Individual Attitudes and Behavior: An Empirical Study},
  Journal = {Administrative Science Quarterly},
  Volume = {5},
  Number = {3},
  Pages = {398-420},
  Year = {1960}}
	
@book{Taylor1947,
	Author = {Frederick W. Taylor},
	Title = {Scientific Management},
	Year = {1947},
	Publisher = {Harper and Brothers}}

@article{Teasley2002,
  Author = {Stephanie D. Teasley and Lisa A. Covi and M. S. Krishnan and Judith S. Olson},
  Title = {Rapid Software Development through Team Collocation},
  Journal = {IEEE Transactions on Software Engineering},
  Volume = {28},
  Number = {7},
  Pages = {671-683},
  Year = {2002}}

@incollection{Tesluk1997,
  Title = {Task and aggregation issues in the analysis and assessment of team performance},
  Author = {P. E. Tesluk and J. E. Mathieu and S. J. Zaccaro and M. A. Marks},
  Booktitle = {Team performance and measurement: Theory, methods, and applications},
  Editor = {M. T. Brannick and E. Salas and C. Prince},
  Publisher = {Erlbaum},
  Year = {1997},
  Pages = {197-224}}

@book{Thompson1967,
  Author = {James D. Thompson},
  Title = {Organization in Action},
  Year = {1967},
  Publisher = {McGraw-Hill}}

@inproceedings{Treude2010,
	Author = {Christoph Treude and Margaret-Anne Storey},
	Title = {Awareness 2.0: Staying Aware of Projects, Developers and Tasks using Dashboards and Feeds},
	Booktitle = {ICSE '10: Proceedings of the 32nd International Conference on Software Engineering},
	Address = {Cape Town, South Africa},
	Year = {2010}}

@inproceedings{Treude2009,
	Author = {Christoph Treude and Margaret-Anne Storey},
	Title = {How Tagging Helps Bridge the Gap Between Social and Technical Aspects in Software Development},
	Booktitle = {ICSE '09: Proceedings of the 31st International Conference on Software Engineering},
	Address = {Vancouver, BC, Canada},
	Year = {2009}}

@article{Tushman1978,
  Author = {Michael L. Tushman and David A. Nadler},
  Title = {Information Processing as an Integrating Concept in Organizational Design},
  Journal = {The Academy of Management Review},
  Volume = {3},
  Number = {3},
  Pages = {613-624},
  Year = {1978}}
  	
@inproceedings{Valetto2007,
	Author = {G. Valetto and M. Helander and K. Ehrlich and S. Chulani and M. Wegman and C. Williams},
	Title = {Using Software Repositories to Investigate Socio-technical Congruence in Development Projects},
	Booktitle = {MSR '07: Proceedings of the 4th International Workshop on Mining Software Repositories},
	Pages = {25},
	Address = {Minneapolis, MN, USA},
	Year = {2007}}

@article{VanDeVen1976,
  Title = {Determinants of Coordination Modes Within Organizations},
  Author = {Andrew H. Van de Ven and Andr\'{e} L. Delbecq and Richard Koenig, Jr.},
  Journal = {American Sociological Review},
  Year = {1976},
  Volume = {41},
  Pages = {322-338}}

@book{Vincenti1993,
	Author = {Walter G. Vincenti},
	Title = {What Engineers Know and How They Know It: Analytical Studies from Aeronautical History},
	Year = {1993},
	Publisher = {Johns Hopkins University Press}}
	
@article{Walz1993,
	Author = {Diane B. Walz and Joyce J. Elam and Bill Curtis},
	Title = {Inside a Software Design Team: Knowledge Acquisition, Sharing, and Integration},
	Journal = {Communications of the ACM},
	Volume = {36},
	Number = {10},
	Pages = {63-77},
	Year = {1993}}

@article{Wegner1991,
  Title = {Transactive Memory in Close Relationships},
  Author = {Daniel M. Wegner and Paula Raymond and Ralph Erber},
  Journal = {Journal of Personality and Social Psychology},
  Year = {1991},
  Volume = {61},
  Number = {6},
  Pages = {923-929}}

@book{Winograd1986,
	Author = {Terry Winograd and Fernando Flores},
	Title = {Understanding Computers and Cognition: A New Foundation for Design},
	Year = {1986},
	Publisher = {Addison-Wesley}}

@article{Wilson2006,
	Author = {Greg V. Wilson},
	Title = {Where's the Real Bottleneck in Scientific Computing?},
	Journal = {American Scientist},
	Volume = {94},
	Number = {1},
	Pages = {5},
	Year = {2006}}

@inproceedings{Yatani2009,
  author = {Koji Yatani and Eunyoung Chung and Carlos Jensen and Khai N. Truong},
  title = {Understanding How and Why Open Source Contributors Use Diagrams in the Development of Ubuntu},
  booktitle = {Proceedings of the SIGCHI Conference on Human Factors in Computing Systems (CHI 2009)},
  year = {2009},
  pages = {995--1004}}

@book{Yin2003,
	Author = {Robert K. Yin},
	Title = {Case Study Research: Design and Methods (3rd Edition)},
	Year = {2003},
	Publisher = {Sage}}

@inproceedings{Yu1997,
  author = {Eric Yu},
  title = {Towards Modelling and Reasoning Support for Early-Phase Requirements Engineering},
  booktitle = {Proceedings of the 3rd IEEE International Requirements Engineering Conference (RE'97)},
  year = {1997}}
	
